2762 4552
1044 280 1090 354 17
1188 283 1192 300 '

55 471 309 560 Astydamantis
324 469 502 556 Hercula3
481 468 721 559 illudentem
740 469 775 536 in
786 466 941 552 Aeschyli
952 417 1088 556 Europa

53 602 92 693 et
113 591 279 680 Euripidis
298 589 514 679 Sisypho.
565 645 568 652 ,

142 709 270 776 Horum
310 707 451 774 omnium
486 681 654 774 titulorum
672 703 886 796 fragmenta,
927 712 1084 796 quotquot
1167 781 1168 784 Ἴ

53 834 147 912 sunt,
169 825 324 893 dramatis
337 823 473 906 satyrici
490 831 630 890 nunnae
643 844 778 910 prorsus
790 823 999 909 conveniunt,
1024 829 1083 894 sed

52 949 140 1012 duas
160 965 248 1036 nuuc
265 950 344 1009 noto
365 941 508 1025 fabulas,
529 941 696 1028 inquibus
716 937 884 1008 descitum
896 949 950 1008 est
970 965 992 1008 a
1009 940 1083 1029 prc-

51 1062 126 1150 prio
150 1061 236 1126 illius
239 1059 332 1148 fine,
360 1057 590 1152 Lycophronis
611 1057 836 1124 Menedemum
862 1065 898 1124 et
920 1059 1084 1142 Pythonis

52 1185 162 1266 Ager,
191 1199 361 1266 quasque
387 1176 515 1242 ratione
542 1177 661 1242 ductus
683 1175 780 1260 hujus
807 1175 998 1244 vitiositatis
1026 1200 1083 1284 no·

10 1391 11 1394 Ἴ
51 1297 140 1364 mine
165 1277 438 1382 reprehenderim,
465 1291 674 1381 explicabo
664 1313 697 1358 ιιι
724 1275 982 1428 fragmentorum
1009 1319 1084 1384 per·
1162 1288 1164 1291 ’

51 1415 261 1484 tractatione

137 1530 303 1620 Paucis
287 1551 421 1614 Jamr
393 1527 584 1615 significabo
615 1549 656 1592 ea
687 1527 877 1643 indiciorum
905 1507 1081 1615 momenta,

52 1647 171 1738 quibus
191 1647 363 1734 perceptis
390 1653 424 1711 et
443 1645 657 1712 consideratis
684 1601 739 1714 vei
757 1668 798 1712 ex
820 1649 892 1714 solo
913 1647 1018 1714 iudice
1041 1649 1107 1715 de'
1171 1709 1173 1716 .

49 1765 186 1832 fabulae
216 1769 409 1857 argumento
444 1785 510 1829 non
534 1763 677 1846 satyrico
709 1765 950 1832 conclusionem
970 1765 1082 1832 facere

49 1883 141 1950 licet.
183 1881 305 1948 Omnes
332 1881 432 1968 igitur
453 1880 548 1964 tituli,
573 1880 629 1968 qui
653 1887 730 1948 suut
757 1883 927 1968 ejusmodi,
952 1889 989 1949 ut
1016 1904 1081 1948 non
1120 1871 1127 1890 '

50 1999 223 2066 admittere
243 1999 413 2068 videantur
433 1998 566 2068 chorum
590 2007 785 2086 satyrorum,
815 2001 868 2089 qui
890 2000 1080 2068 necessario

51 2117 235 2206 requiritur,
270 2115 443 2183 secludunt
475 2117 607 2183 fabulae
635 2125 859 2204 argumentum
880 2093 1081 2200 satyricum.

53 2235 130 2301 Hoc
150 2234 288 2321 duplicis
306 2234 409 2299 ferme
430 2233 559 2319 generis
581 2255 657 2300 esse
675 2236 846 2322 reperitur.
870 2235 972 2319 Cujus
997 2235 1082 2299 enim

52 2353 185 2419 fabulae
221 2349 317 2416 titulo
348 2351 467 2416 chorus
500 2349 691 2421 laminarum
719 2351 907 2440 perhibetur
935 2351 1082 2435 affuisse,

51 2492 93 2536 ca
111 2469 198 2536 nullo
219 2471 316 2535 modo
333 2469 440 2556 potuit
459 2471 623 2537 continere
641 2476 782 2553 satyros,
797 2471 864 2536 scd
882 2469 1083 2556 assignanda

50 2587 162 2677 potius
192 2593 243 2652 est
270 2586 459 2674 tragoediis.
501 2587 628 2654 Deinde
654 2587 759 2654 omnis
779 2587 962 2676 inscriptio,
998 2609 1081 2674 quac

50 2706 158 2795 aperit
177 2725 295 2773 nomen
319 2705 451 2792 gentile,
476 2711 613 2774 revocat
632 2728 694 2773 nos
720 2705 762 2798 ab
784 2727 825 2772 ea
846 2707 1006 2794 opinione,
1034 2703 1082 2795 ta·
1185 2735 1187 2738 ·

50 2824 162 2892 hulam
184 2821 288 2890 fuisse
310 2823 493 2908 satyricam.
520 2823 682 2890 Fortasse
701 2811 809 2889 tamen
829 2823 882 2890 hic
901 2823 1083 2922 arcipieudi

51 2950 129 3008 sunt
140 2941 296 3024 Aeschyli
310 2941 424 3026 Cares,
439 2943 506 3012 hoc
530 2949 594 3028 cst,
615 2941 726 3026 Satyri
750 2943 804 3030 qui
826 2963 863 3007 se
884 2931 988 3008 Cares
1007 2961 1088 3008 csse
1169 3033 1177 3040 „

51 3059 259 3126 simulabant.
285 3060 337 3146 19)

136 3177 356 3246 Eichstaedtli
379 3200 460 3248 varo
481 3201 633 3262 errorem,
661 3179 714 3266 qui
738 3178 813 3244 olim
833 3179 894 3244 sibi
917 3161 1008 3247 risus
1030 3183 1082 3244 est
1174 3231 1175 3236 1

52 3296 262 3362 Gemicorum
286 3297 384 3362 etiam
412 3295 577 3364 invenisse
605 3295 734 3364 fabulas
759 3297 936 3379 satyricae,
963 3297 997 3362 in
1010 3298 1083 3383 'quo

51 3416 181 3500 quidem
201 3437 375 3497 assensum
402 3415 476 3480 tulit
495 3414 678 3501 Boettigeri
707 3416 755 3479 in:
782 3414 1022 3501 Andautungen
1049 3435 1081 3502 p.

51 3533 125 3596 165.
149 3532 219 3598 Att.
239 3533 327 3598 Mus.
353 3531 380 3616 l,
401 3535 431 3598 1.
454 3555 488 3620 p.
508 3534 581 3598 313.
600 3540 634 3599 et
655 3531 855 3620 Vasengem.
879 3531 922 3620 ll,
944 3535 997 3602 91.
1012 3536 1082 3638 199.

51 3655 255 3684 *ὼ-

131 3747 181 3818 ¹⁹)
201 3749 261 3812 Quo
280 3757 389 3822 spectet
409 3751 492 3804 etiam
511 3751 545 3805 tr.
571 3749 641 3820 quod
661 3752 795 3806 incertum
821 3767 857 3805 au
877 3752 907 3805 in
930 3752 1023 3808 rabula
1042 3768 1088 3806 sa·
1114 3714 1116 3719 ῃ

51 3842 145 3914 tyrica
162 3857 197 3896 en
217 3843 358 3897 comoedia
378 3843 466 3897 locum
485 3843 611 3897 habuerit
631 3860 673 3914 up.
689 3843 826 3898 Plutarch.
845 3843 967 3906 Amator.
989 3863 1015 3917 p.
1027 3847 1087 3920 751.

50 3935 85 3991 r.
104 3935 153 3994 rx.
170 3952 197 4006 p.
218 3937 259 3990 11.
279 3935 322 3990 a:
350 3935 364 3988 s
385 3936 417 3990 as
432 3937 559 4010 *ιρακιῆς
577 3937 628 3992 cna
648 3955 720 3994 ..aa
738 3939 881 4010 sparsae»,
899 3943 952 4012 er,
970 3939 1002 3994 as
1018 3919 1094 4010 aaa:

49 4033 97 4091 ξας
114 4028 181 4096 (ser.
196 4031 243 4100 βίᾳ
264 4029 296 4082 rt'
314 4027 439 4100 ἔπραξας)
455 4033 568 4104 χάριτας
585 4026 600 4095 ἢ
619 4025 712 4086 aeteus
730 4035 811 4100 κόρην
829 4059 873 4101 r.

75 4134 83 4148 ‘
453 4128 458 4149 ⁶
547 4126 551 4129 ’
826 4147 828 4154 ⁴
857 4133 880 4196 2

1243 3899 1252 3936 Ι
1332 3905 1334 3910 ,
