2734 4554
899 109 903 116 ⁴
952 137 967 174 x

1018 236 1175 366 ros

42 493 327 586 interpretationi
347 493 471 560 foreat.
494 489 627 558 Welck.
640 489 729 558 *l'ril
752 511 782 577 p.
805 491 875 556 518.
897 527 941 542 -
966 489 1017 563 Aa
1039 509 1092 558 ae-

47 624 170 682 tatem
185 615 270 702 qnod
285 611 414 694 attinet,
435 609 600 676 Eusebius
619 608 769 676 floruisse
789 622 863 676 enm
884 608 984 674 tradit
1004 609 1093 676 circa
1216 685 1218 690 ,

50 735 199 819 Olymp
221 728 338 812 Lxx,
365 735 402 794 nt
424 703 526 813 quum’
543 727 657 793 eodem
681 734 827 813 tempore
851 749 872 792 a
889 725 992 792 Suida
1010 725 1094 791 refe-

52 859 160 916 ratur
186 870 259 924 eum
279 833 455 926 Aeschylo
484 851 644 928 certasse,
667 848 745 928 jure
770 844 863 910 nohis
889 843 988 909 liceat
1013 851 1092 908 tem·

53 991 127 1053 pus
165 964 265 1052 paulo
296 961 452 1032 remotius
482 969 644 1044 statuere,
680 983 745 1049 quo
777 937 913 1028 llorere-⁴
924 961 1108 1046 incooperta

56 1075 259 1149 Pausaniae
273 1083 315 1147 de
333 1101 373 1145 eo
393 1079 499 1144 laudis
517 1080 646 1166 plenum
666 1077 886 1147 testimoninm
909 1100 1008 1164 supra
1021 1081 1096 1162 jam
1177 1090 1179 1096 ’

58 1201 95 1264 in
120 1201 275 1267 Aristiae
302 1197 401 1263 rebus
421 1197 620 1283 exponendis
646 1196 822 1264 attulimus.
863 1195 977 1284 Neque
995 1190 1097 1262 nohis

59 1337 196 1411 pueram
215 1313 361 1400 injicient
381 1313 490 1378 Acron
511 1315 553 1387 ad
574 1312 690 1380 Horat.
713 1315 756 1380 A.
769 1315 810 1380 Ρ.
825 1315 898 1378 989.
920 1320 955 1378 et
970 1311 1097 1380 Athen.-
1136 1347 1149 1406 5

61 1415 90 1500 l.
119 1457 152 1518 p.
175 1433 228 1498 22.
255 1432 313 1514 A„
346 1431 423 1497 item
451 1453 552 1517 supra
578 1432 721 1497 tractati.
767 1432 889 1497 Restat
916 1429 1092 1495 honorifica

66 1555 146 1635 ejus
173 1547 305 1633 mentio,
333 1571 416 1636 quae
439 1547 476 1613 tit
503 1553 588 1636 'apud
614 1549 780 1618 Plutarch.
809 1549 849 1613 de
875 1547 992 1628 Music.
1014 1547 1090 1616 Vol.

67 1667 116 1732 Χ.
137 1691 169 1754 p.
191 1667 262 1734 685.
287 1665 404 1730 Reisk.
424 1664 465 1730 ll.
491 1691 521 1754 p.
543 1667 636 1730 1142.
660 1665 738 1748 Xyl.
773 1666 843 1728 Τῶν
863 1661 920 1745 γὰρ
940 1664 1021 1727 κατὰ
1040 1667 1092 1746 τὴν
1170 1697 1173 1704 ·

67 1783 168 1850 αὑτοῦ
187 1783 312 1866 ἡλικίαν,
333 1783 408 1866 φησὶ
425 1781 658 1868 (Ἀριστόξενος),
682 1781 807 1864 Τελεσίᾳ
824 1781 866 1864 τῷ
881 1783 1004 1868 Θηβαίῳ
1020 1806 1096 1863 συμ-
1113 1754 1121 1850 ,⁹
1142 1859 1143 1866 ρ

69 1901 159 1990 βῆναί
183 1903 240 1984 νέῳ
263 1899 315 1984 μὲν
336 1903 400 1966 ὄντι
418 1903 569 1986 τραφῆναι
598 1901 629 1966 ἐν
658 1899 697 1989 τῇ
719 1899 862 1995 καλλίστῃ
889 1905 1015 1983 μουσικῇ
1041 1900 1093 1964 καί

69 2029 184 2104 μαθεῖν
205 2017 286 2082 dita
306 2041 338 2082 τε
363 2016 423 2082 τῶν
451 2017 683 2102 εὐδοκιμούντων
708 2017 760 2082 καί
784 2015 821 2100 δὴ
846 2017 896 2100 epi
916 2015 954 2080 cri
975 2016 1092 2081 Πινδοί-

70 2165 139 2225 ρου,
165 2131 206 2212 τά
228 2159 260 2201 τε
281 2140 442 2202 Διονυσίου
464 2135 520 2200 τοῦ
544 2139 690 2222 Θηβαίου,
718 2135 770 2200 καί
792 2133 833 2199 τοὶ
853 2136 1009 2217 Λοίμπρσυ
1038 2137 1093 2200 καί

70 2253 111 2322 τὰ
130 2256 287 2376 Πρατίνου
306 2253 436 2318 καὶτῶν
456 2253 577 2334 λοιπῶν,
596 2251 664 2316 ὅσοι
684 2257 744 2316 τῶν
763 2251 890 2335 λυρικῶν
906 2251 1008 2338 ἄνδρες
1028 2254 1093 2330 lys.

9 2349 14 2365 Ι
71 2397 160 2440 rocco
171 2363 305 2454 ποιητοί
323 2365 498 2456 κρουμάτων
520 2369 646 2448 αναθοί.
667 2377 701 2437 et
722 2393 754 2456 p.
767 2371 844 2436 659:
862 2369 909 2434 Rs
930 2367 982 2452 ⁸¹)
1003 2368 1094 2436 ἄλλοι

75 2487 320 2573 σὲΖενίὸσμον
305 2485 524 2574 υποχρημσίσων
540 2484 666 2571 ποιητὴν
685 2487 836 2565 γενονέναι
856 2487 932 2567 φασί
950 2487 987 2551 οὐ
1002 2485 1092 2554 παισί-

75 2605 144 2690 ier,
178 2605 279 2693 cirum
303 2609 468 2688 Πρατίνκας
514 2604 589 2673 Jaru
617 2609 659 2672 de
685 2604 726 2669 0.
754 2603 904 2670 Muelleri
931 2608 1100 2674 sententia

76 2729 157 2796 Dor.
175 2725 217 2791 Π.
243 2747 275 2812 p.
291 2725 365 2788 369.
384 2723 503 2790 dictum
524 2723 604 2790 est
595 2745 627 2790 rn
647 2722 894 2789 introductione
923 2721 970 2787 Ut
990 2726 1092 2792 semel

76 2853 201 2912 tantum
221 2841 390 2911 victoriam
411 2847 606 2928 reportaret,
631 2839 792 2907 accidisse
818 2831 849 2903 ei
870 2839 1023 2907 credibile
1042 2851 1093 2908 est
1155 2815 1158 2828 ’

77 2969 115 3030 ut
139 2957 318 3048 peregrino.
344 2981 376 3025 v.
396 2957 511 3043 Pluzg.
534 2980 565 3043 p.
591 2959 656 3039 26,
687 2975 771 3042 quae
797 2955 926 3040 quidem
950 2959 1092 3024 conditio
1199 2971 1202 2984 ‘

81 3079 176 3146 etiam
194 3076 331 3144 Achaeo
354 3076 470 3140 damno
494 3080 574 3140 erat.
601 3071 650 3154 88)
692 3073 744 3138 Ex
765 3091 898 3140 numero
918 3075 1093 3170 cntempla·
1177 3117 1179 3122 -

150 3275 197 3344 82)
224 3273 288 3328 Noli
308 3275 336 3328 id
355 3275 426 3329 male
451 3257 624 3345 interpretari
644 3287 704 3326 cum
723 3273 839 3344 Toupio.
873 3273 1004 3330 Refertur
1021 3277 1092 3340 enim

83 3367 203 3423 Pratinae
220 3366 385 3438 aliorumque
406 3368 439 3421 de
456 3367 616 3422 Xenodamo
635 3365 781 3420 sententia.
798 3382 825 3420 v.
846 3365 926 3421 iufra.

150 3475 197 3543 ⁸³)
217 3475 294 3538 Quod
311 3477 396 3531 semel
410 3485 516 3538 tantum
534 3478 602 3530 vicit
620 3477 665 3555 hic
680 3491 763 3546 saepe
779 3473 933 3529 ‘celebratus
947 3493 964 3528 a
978 3479 1091 3548 scripto-

86 3569 162 3633 rihur,
189 3569 310 3621 externis
338 3570 429 3622 causis
458 3567 625 3623 tribuendam
654 3585 717 3621 esse
749 3574 844 3620 censet
868 3566 968 3638 Droys.
999 3571 1093 3625 transl.

88 3659 491 3714 incontaminanda
514 3645 637 3731 satyrica
662 3661 704 3718 96.
728 3661 892 3730 pertinuisse
915 3662 1035 3716 tortasse
1059 3663 1094 3716 ad

89 3754 167 3806 tectos
194 3752 253 3808 dies
279 3752 384 3805 rurales
410 3769 461 3805 nec
483 3751 514 3806 in
540 3759 678 3806 certamen
703 3769 766 3806 esse
791 3753 944 3818 commissa,
975 3755 1093 3824 reliques

89 3849 169 3898 autem
188 3844 237 3898 18
248 3843 402 3915 tragoedias
423 3845 448 3896 si
463 3861 514 3897 sex
532 3845 766 3899 commissionibus
782 3847 917 3912 tribueris,
936 3861 1016 3900 uuam
1034 3855 1093 3900 tan-

89 3943 139 3988 tum
154 3934 294 3988 victoriam
311 3936 382 4001 satis
399 3935 542 3990 honestam
558 3937 708 3992 luisse.-
742 3937 817 3999 Quae
841 3938 946 4006 quidem
963 3939 1060 3992 ratic
1053 3957 1093 3992 m·

89 4027 203 4099 tringitar
217 4026 324 4098 paulurn
341 4044 378 4082 feo
398 4028 469 4099 qnod
484 4045 544 4084 cum
560 4029 703 4100 Aeschylo
717 4029 824 4102 olymp.
845 4029 888 4105 70.
912 4038 1035 4088 certasse
1055 4031 1093 4086 di·
1150 4019 1153 4026 ¹
