2762 4552
1101 311 1124 388 7

97 500 180 570 nuit
203 502 247 570 od
265 523 333 572 rem
353 499 516 594 postremi
555 497 649 568 Nouo
675 505 746 566 utut
770 519 825 566 rea
853 505 905 566 est
930 501 973 566 do
999 481 1128 588 origine

96 619 273 708 proverbii,
286 622 371 707 quod
386 617 506 685 Suidos
518 639 582 686 nou
597 616 679 684 satis
695 615 863 702 distinguit
874 615 938 685 vim
949 622 1023 704 ojus
1034 621 1127 706 paula„

96 738 168 804 lum
180 737 353 820 ditmaro,
363 734 634 805 idTlrierooldum
645 734 897 802 etwelokerum
913 737 1067 823 compulit
1078 739 1124 806 nd

97 853 291 924 eomndaodi
299 855 472 941 viampqua
482 851 562 918 nihil
574 841 639 922 vidi
650 851 911 940 periculosiua.⁸)
924 851 1007 920 Nam
1015 851 1042 918 si
1049 875 1123 942 por·

98 975 204 1042 tietdo
216 963 371 1066 mgnum
386 971 567 1044 obtruditur
581 970 713 1053 Suidao,
727 969 1058 1046 iterumzotnudmm
1070 979 1122 1038 est

97 1090 230 1175 Pontio,
243 1091 359 1162 iterum
373 1089 470 1157 edam
483 1087 637 1160 Miehoeli
648 1083 836 1174 Apostolio,
847 1102 944 1174 unam
957 1087 1012 1176 qni
1028 1111 1122 1156 oooo·
1210 1075 1215 1086 ’

96 1218 172 1278 rate
180 1205 371 1296 inspexerit,
385 1204 560 1274 abstinebit
569 1204 611 1276 ab
619 1205 705 1276 omni
718 1205 909 1286 emendandi
917 1207 1072 1294 periculo.
1090 1209 1121 1292 ⁹)
1207 1223 1210 1229 ·
1259 1268 1261 1280 ‚

78 1368 92 1394 .
183 1324 323 1394 Missum
343 1322 442 1408 igitur
464 1325 535 1405 jam
554 1320 714 1390 faciamus
733 1320 925 1410 Epigonum,
955 1325 999 1390 nd
1026 1346 1122 1413 quem
1166 1385 1170 1398 .

99 1444 200 1514 etiam
222 1442 251 1506 si
271 1433 377 1506 refers
398 1438 559 1525 proverbii
582 1446 700 1520 ortum,
722 1439 750 1504 si
770 1446 880 1506 tomen
898 1447 1044 1508 nostrum
1056 1465 1123 1510 nm·

99 1559 255 1650 plectaris
273 1557 531 1644 explicationem,
551 1577 593 1622 ne
611 1557 717 1641 potuit
736 1556 863 1643 quidem
882 1556 974 1644 illud,
996 1561 1036 1626 da
1057 1581 1121 1646 quo
1184 1625 1186 1634 .
1225 1614 1227 1622 ,

98 1681 154 1748 loio
167 1675 457 1764 reprehensusest,
479 1693 581 1738 eausa
601 1673 772 1758 exsistere,
797 1695 857 1746 our
876 1672 1009 1764 subulae
1031 1683 1121 1764 saty-

98 1799 189 1866 rione
210 1797 253 1860 nd
272 1789 495 1880 spectaculum
517 1791 682 1870 doreotur.
721 1792 787 1865 Sed
807 1791 994 1863 dubitarunt
1012 1801 1119 1862 testeo

91 1888 200 2000 ¹supra
224 1907 342 1998 prolati
364 1910 407 1977 od
426 1906 582 1994 Epigonis
602 1929 706 1997 usqua
726 1915 867 1978 satutem
887 1909 1066 1978 transferre
1085 1911 1122 1978 il·

97 2031 155 2098 la't
178 2025 264 2094 οὐδὲν
283 2025 360 2110 πρὸς
381 2049 409 2091 τ.
428 2029 466 2090 Δ.
492 2027 623 2114 quippes
646 2024 762 2112 βέλτιον
781 2024 815 2090 δὲ
838 2025 950 2105 οὕτωςς
970 2049 1120 2096 posuero

12 2127 17 2139 ¹
98 2149 175 2216 illos
198 2153 235 2216 ut
255 2147 357 2214 duoes
385 2144 558 2232 sequimur.
602 2142 683 2210 Veri
706 2142 788 2216 euim
814 2143 1005 2212 simillimum
1034 2146 1121 2214 vido·

98 2275 154 2332 tur
172 2284 287 2332 vooom
309 2261 437 2349 plenem
463 2260 552 2326 illam
577 2259 705 2348 quidem
732 2258 960 2346 indignationis
985 2261 1121 2369 primum

98 2404 240 2450 sonasse
257 2379 406 2462 Athenis,
431 2399 528 2463 qutun
548 2377 581 2442 in
601 2397 688 2444 nova
705 2377 874 2468 tragoedia
883 2375 1121 2460 'Dionysiorum

98 2499 264 2583 festivitas
290 2503 325 2564 ot
345 2494 495 2562 hilaritas
516 2501 700 2576 satyrorum
719 2501 836 2582 ooopto
858 2501 912 2560 ast
932 2497 1119 2581 desiderari.

99 2617 177 2686 Jam
208 2616 237 2680 oi
264 2614 458 2702 quaerimus,
491 2613 638 2698 quisnam
654 2633 766 2700 ,grove
791 2611 900 2704 populi
926 2613 1119 2688 desiderium

175 2819 205 2886 8)
231 2817 320 2872 Recte
339 2814 432 2870 Herm.
448 2813 477 2866 in
495 2829 568 2867 oona.
585 2830 646 2884 app.
663 2812 731 2884 Lpa.
752 2813 785 2866 1..
808 2813 937 2870 1827.st
957 2814 991 2869 15
1015 2832 1041 2886 p.
1061 2815 1121 2885 llt.

102 2909 226 2964 laudavit
242 2909 411 2978 liutgerum,
434 2905 505 2976 quod
529 2905 693 2958 dubitaverit
717 2907 790 2958 illam
813 2901 1028 2968 emendetiooom
1053 2909 1122 2986 roei·
1157 2919 1170 2948 κ

100 3019 192 3076 pere„
216 2998 339 3056 Sensum.
352 2999 424 3052 enim
440 2999 494 3052 hae
509 3006 620 3069 recepta
638 2998 846 3056 existeremus
866 2998 995 3054 videlieet
1013 3015 1122 3072 perver-

101 3109 177 3148 sum:
206 3107 287 3162 quom
301 3090 437 3162 Epigenes
459 3089 623 3172 tragoedias,
642 3107 710 3168 quae
733 3107 787 3146 nou
813 3092 968 3164 tragoediae
993 3099 1072 3146 erant
1094 3093 1123 3146 io

100 3185 258 3256 Dionysum
274 3183 397 3248 lecisset,
415 3188 479 3235 aut:
499 3199 578 3250 quum
595 3181 682 3236 nullas
702 3183 855 3254 tragoedias
871 3184 991 3238 fecisset.
1013 3213 1047 3222 -
1069 3183 1122 3237 lte·

105 3294 164 3330 rum
184 3275 337 3330 defenditur
355 3277 387 3330 od
409 3291 427 3328 a
442 3273 590 3328 Welekero
608 3275 636 3327 iu
656 3275 764 3346 epiorisi
791 3273 823 3328 A.
835 3275 870 3330 L.
887 3269 918 3330 z'
942 3275 1025 3346 April.
1049 3273 1124 3330 1897.

101 3369 136 3424 N.
155 3369 197 3423 99.
214 3385 239 3438 p.
259 3369 318 3422 sut.
334 3369 360 3422 d
377 3367 446 3420 miro
465 3365 545 3420 modo
565 3381 668 3438 negans
689 3367 831 3421 verborum
856 3369 1070 3434 tolosatem,
1094 3374 1125 3421 ot

100 3475 172 3516 nono
188 3465 251 3513 aunt
268 3460 353 3513 verba
373 3466 540 3530 comparato,
556 3459 624 3514 nihil
641 3457 741 3513 aalma.

171 3577 200 3644 9)
229 3575 324 3650 dates
340 3576 386 3630 hio
400 3577 498 3632 iterum
517 3576 676 3647 exemplum,
696 3595 731 3632 ex
750 3595 802 3647 quo
821 3577 967 3647 intelliges,
984 3591 1063 3644 qtmm
1077 3591 1124 3628 ve·

100 3685 131 3722 re
150 3667 316 3723 Niebuhrins
332 3668 367 3722 ad
383 3669 480 3740 fragm.
500 3669 589 3726 Seoea
619 3676 683 3739 post
704 3670 800 3740 fram.
826 3676 897 3722 orat.
928 3667 984 3723 Cio.
1011 3686 1036 3740 p.
1058 3669 1125 3739 ¹⁰³3

99 3767 200 3832 „atque
218 3777 269 3832 ego
281 3759 386 3830 quidem
397 3761 496 3815 nullum
516 3761 674 3818 emendandi
690 3777 778 3832 genus
794 3761 873 3835 pejus
891 3762 946 3826 odi,
964 3778 1043 3831 quam
1061 3759 1126 3816 illud

101 3851 172 3924 qnod
187 3857 284 3906 tonus
298 3852 384 3928 libros
401 3853 572 3924 negationem
590 3854 650 3907 sive
667 3855 738 3908 tollit
754 3855 812 3908 aive
829 3852 951 3919 inserit.”
977 3853 1015 3907 Ut
1026 3835 1124 3906 liturae

101 3945 191 4000 etism.
211 3945 361 4016 exemplum
385 3943 509 4012 atteram,
536 3945 692 4000 intolioiter‘
706 3962 766 4000 eom
792 3947 990 4001 commendavit
1014 3945 1126 4000 Ruhok.

102 4055 145 4110 op.
163 4022 228 4092 ll'ut.
245 4035 314 4108 Lup.
330 4035 377 4093 lib.
393 4036 416 4094 l.
431 4053 455 4118 o.
471 4038 496 4095 6.
515 4037 568 4096 vid
591 4037 724 4093 Friedem.
741 4036 819 4096 Miso.
835 4053 873 4096 or.
890 4037 913 4104 l,
934 4040 960 4096 d.
977 4055 1004 4114 p.
1022 4039 1081 4096 382.
