2734 4554
248 1365 660 1468 Exercitationes
691 1369 917 1468 criticae.
972 1418 987 1469 r

483 1569 683 1584 m&

168 1722 341 1818 Aeschyli
362 1720 516 1814 Θεωροί,
548 1719 756 1813 Τοξότιδες,
779 1719 1000 1817 Ὀστολόγοι,

159 1886 202 1969 1)·
226 1884 377 1967 &capot
400 1883 419 1964 ἢ
442 1866 684 1968 ’lodprcor‘ao'
711 1887 856 1954 fabulam
883 1863 996 1954 fuisse
1012 1898 1099 1971 saty-

67 2005 191 2086 ricam,
225 2001 314 2088 cogit
343 2001 414 2067 fere
447 2003 488 2067 ad
516 2005 738 2092 accipiendum
768 2001 919 2084 σκόπευμα
947 2001 1098 2072 vocabuli

67 2121 195 2186 notatio
226 2143 267 2187 ex
302 2141 343 2185 ea
370 2121 474 2207 petita
505 2125 591 2208 apud
620 2123 741 2189 Athen.
770 2131 805 2188 et
830 2123 927 2188 Phot.
955 2125 988 2186 in
1010 2123 1096 2188 Lex.

68 2241 310 2324 Argumentum
332 2237 411 2336 mihi
427 2237 480 2304 vel
505 2239 592 2305 idem
612 2241 665 2308 vel
694 2241 798 2306 simile
826 2241 953 2306 videtur
979 2239 1096 2324 fuisse,
1228 2294 1230 2300 .

70 2357 160 2444 qnod
179 2357 337 2423 Achaeus
359 2355 391 2420 in
408 2349 526 2419 ςΑθλοι
549 2368 741 2444 persecutus
763 2365 825 2426 est.

156 2475 191 2560 2)
221 2477 313 2540 ldcm
341 2477 549 2541 statuendum
569 2478 647 2542 mibi
669 2478 797 2546 videtur
824 2480 866 2544 de
889 2473 1099 2552 Τοξότιδες

70 2593 184 2659 fabula
208 2601 343 2680 propter
362 2593 455 2679 primi
477 2591 651 2678 fragmenti
680 2595 821 2689 indolem
849 2617 984 2684 prorsus
1012 2600 1100 2676 saty-

71 2713 185 2793 ricam,
211 2731 315 2796 neque
339 2719 503 2798 repugnat
528 2712 745 2799 fragmentum
774 2735 876 2800 nuper
902 2712 1099 2800 publicatum

72 2830 103 2892 in
126 2827 234 2892 Bckk.
258 2829 385 2896 Anecd.
409 2853 458 2916 gr.
482 2829 509 2894 l.
534 2853 566 2916 p.
589 2831 661 2899 351.
701 2830 804 2895 Fallit
824 2831 907 2896 enim
928 2827 1099 2896 Welokeri

74 2946 196 3032 (Suppl.
218 2969 250 3033 p.
272 2941 325 3013 28.
347 2945 422 3014 coll.
443 2973 473 3036 p.
495 2948 558 3011 286
579 2949 671 3034 ann.)
688 2947 855 3032 judicium,
882 2969 925 3013 ex
948 2949 999 3012 his
1021 2947 1099 3012 lexi-

74 3065 230 3150 cographi
256 3066 384 3134 verbisa
412 3066 498 3150 σεμνὴ
519 3061 600 3130 πάνυ
624 3063 642 3147 ἦ
664 3065 822 3148 συμπλοκὴ
846 3065 897 3156 xci
922 3064 1039 3146 ἀξίωμα
1063 3061 1100 3125 οὐ

73 3183 175 3267 μικρὸν
202 3183 313 3266 ἔχουσα
344 3191 439 3250 extra
466 3183 699 3250 dubitationem
724 3184 865 3270 positum
891 3203 986 3266 esse,
1011 3181 1102 3246 fabu-

73 3299 138 3365 lam
156 3323 220 3366 non
241 3303 427 3386 satyricam,
452 3303 511 3368 sed
532 3301 737 3386 tragoediam
758 3301 868 3388 potius
882 3299 993 3365 fuisse.
1017 3299 1101 3372 (inid

76 3417 177 3482 enim?
202 3419 321 3484 bercos
345 3421 508 3506 ceterique
532 3426 714 3502 satyrorum
744 3419 843 3484 choro
866 3415 1017 3501 adjuncti
1048 3415 1108 3480 ab.

71 3538 163 3618 jecta
185 3543 309 3602 tantum
332 3538 437 3622 deque
458 3535 555 3604 trivio
577 3537 681 3627 petita
707 3537 941 3622 loquebantnrt
986 3527 1101 3615 Immo,

76 3675 138 3717 non
166 3655 371 3740 deponebant
399 3676 560 3740 personae
592 3676 673 3748 suae
699 3654 913 3741 gravitatem,
951 3658 1102 3736 quantum

78 3769 202 3854 quidem
235 3769 305 3836 fieri
335 3771 455 3858 potuit,
490 3772 585 3838 immo
611 3771 812 3853 Aeschylum
851 3741 1101 3836 consentaneum
1190 3747 1192 3751 ι

79 3893 129 3952 est
149 3885 248 3952 etiam
268 3871 299 3952 in
321 3889 478 3972 dramatis
502 3888 651 3972 satyricis
674 3911 824 3971 curasse,
843 3896 879 3952 ut
899 3888 951 3952 bio
966 3881 1030 3952 illic
1053 3910 1103 3951 su-

76 3978 175 4091 perba
197 4005 368 4074 verborum
391 4007 540 4096 gravitas
562 4006 754 4094 spissaeque
776 4006 958 4071 sentcntiae
979 4005 1103 4070 animos

845 4125 871 4185 ‚9
884 4127 899 4157 ‚
