2734 4554
1033 291 1105 362 135
1237 355 1241 370 .

58 521 108 536 -
134 480 333 550 Mircbiliter
353 478 431 546 talis
451 475 615 544 sententia
633 484 799 564 repugnat
807 477 911 566 ipius
925 477 1104 548 Burmanni

60 601 184 672 verbis
205 577 236 687 p.
259 601 316 663 2⁰:
343 598 398 687 qui
419 596 452 660 in
471 595 584 660 fabula
604 597 749 677 satyrica
769 596 823 664 val
844 597 1106 684 conspiciebatur

61 720 125 788 vel
147 718 341 786 audiebatur
365 689 540 800 Lycurgus
567 725 708 781 morabar
734 721 769 780 τίι
796 716 899 792 decc.
913 737 991 782 ¹nou
1018 717 1105 784 idem

62 825 157 920 erat,
179 857 273 922 quem
291 835 324 898 in
343 831 522 917 tragoedii·
544 833 670 899 viderat
690 831 868 909 theatrum.
885 871 928 886 -
948 834 1104 902 Ceterum
1190 885 1197 911 χ

62 981 99 1024 v.
123 957 156 1020 2
177 954 230 1016 καὶ
254 947 444 1034 reprendunt
468 949 680 1037 pescribcnda
709 955 804 1014 sunt:
833 949 1105 1035 κάσεμνοκόμ-

61 1097 141 1139 πει.
162 1071 228 1140 vid.
253 1068 404 1136 Lobeck.
425 1069 478 1134 ad.
501 1066 625 1150 Phryn.
646 1091 678 1154 p.
699 1067 772 1158 dlii.
806 1067 860 1133 Ex
881 1091 923 1136 ca
938 1069 983 1154 ui,
1008 1092 1105 1160 quarn

66 1187 260 1258 Aristotele
287 1190 373 1274 apud
397 1185 603 1254 Athenaeum
624 1193 711 1252 teste
739 1184 852 1270 βρῦτον
877 1187 908 1251 in
934 1195 1104 1274 potatores

66 1308 228 1392 babebat,
248 1313 337 1372 certo
359 1303 575 1388 concluditur,
604 1323 646 1370 ne
668 1305 700 1370 id
722 1325 827 1392 genus
848 1303 975 1390 quidem
1001 1307 1104 1393 potio-

66 1429 123 1496 nis
145 1429 193 1494 ita
213 1429 410 1490 contemtum
429 1421 535 1488 fuisse
554 1422 688 1504 satyris.

145 1545 201 1631 6)
216 1543 337 1610 Saddar
361 1539 462 1607 verbu
484 1539 505 1603 i.
529 1562 560 1606 v.
592 1535 819 1624 Νικόστρατος·
846 1537 923 1618 λέγει
941 1537 975 1603 ¹de'
999 1537 1104 1624 (Ἀθῆ-

68 1671 171 1744 ναιος)
197 1660 244 1725 ὃτι
268 1659 408 1743 δράματα
436 1656 531 1721 αὐτοῦ
559 1657 623 1722 ἐστι
648 1646 814 1742 Πάνδαρος
840 1657 858 1722 ὁ
883 1658 935 1722 καὶ
952 1657 1103 1734 Ἄντυλλος
1129 1739 1141 1748 ἱ
1185 1653 1194 1658 ι’

68 1782 107 1856 ὃς
134 1761 393 1864 octodecimo
422 1777 506 1841 δοκεῖ
523 1768 611 1853 ἐἶναι
642 1776 844 1864 scripserim:
873 1773 1056 1860 Πάνδροσος
1082 1776 1104 1842 ὃ
1170 1815 1179 1836 ι

68 1900 125 1964 καὶ
140 1899 300 1980 Ἀντιριόσα
320 1897 373 1958 καὶ
387 1881 551 1978 Ἄντυλλος,
574 1893 608 1968 ὅς
626 1893 685 1958 καὶ.
710 1893 794 1960 Nam
811 1916 909 1981 quum
927 1894 1103 1982 fragmenti

69 2020 114 2085 ab
135 2017 311 2082 Athenaeo
332 2013 412 2084 XV.
438 2037 469 2102 p.
494 2013 566 2078 693.
590 2009 633 2080 A.
663 2036 705 2080 cx
724 1993 897 2080 Pandrc'so
922 2013 1010 2077 alieti
1031 2037 1103 2080 ver·
1149 2085 1152 2098 ¹

70 2158 131 2201 sus
158 2135 321 2200 secundus
348 2131 389 2197 ab
416 2134 531 2197 eodem
557 2129 619 2195 XI.
645 2153 676 2218 p.
695 2133 778 2225 487.
807 2133 855 2200 Ba
883 2151 926 2194 ex
954 2133 1102 2214 ejusdem
1213 2153 1215 2164 ·

66 2252 230 2338 Ἀντερῶσιι
257 2249 369 2316 fcbuia
396 2248 566 2331 excitetur,
597 2255 759 2335 promtum
787 2256 838 2314 cst
864 2226 917 2314 ad¹
932 2247 1103 2332 conjician-

72 2374 160 2452 dum,
189 2369 273 2434 hanc
300 2366 419 2454 duplici
445 2363 539 2432 titulo
565 2365 756 2450 insignitam.
781 2357 895 2432 fuisso.
938 2364 1028 2453 Idem
1048 2388 1102 2432 ac-

72 2489 195 2556 cidisse
230 2486 358 2554 videtur
382 2482 496 2566 Ἑκάτη
523 2474 668 2568 fabulae,
702 2487 799 2569 cujus
826 2484 932 2550 altera
958 2466 1111 2552 fortasse

72 2583 241 2692 inscriptio
264 2610 338 2672 erat
353 2596 451 2684 Ὦπις,
479 2604 565 2689 qnod
597 2601 725 2690 quidem
754 2624 813 2690 pro
842 2591 993 2690 corrupto
1017 2595 1101 2676 Ὦπις

72 2721 306 2792 restituendum
332 2743 451 2788 conseo
480 2723 566 2808 apud
588 2719 722 2786 Suidam
752 2727 786 2786 et
814 2718 1008 2805 Eudcciam,
1037 2720 1102 2810 qui-

75 2841 136 2906 bus
163 2840 243 2906 solis
277 2861 317 2905 ea
351 2845 623 2906 commemoratur
653 2835 774 2902 fabula.
792 2862 795 2872 ¹
812 2835 924 2920 Ἑκάτη
945 2839 974 2920 ’ἢ
1002 2831 1100 2918 Ὦπις,

75 2959 190 3046 quippe
212 2965 349 3046 utraque
371 2957 435 3023 dea
462 2961 497 3022 et
514 2955 624 3022 Diana
650 2963 684 3022 ct
710 2954 908 3044 Proserpina
934 2955 1100 3022 nocturnis

75 3075 239 3144 adhibitae
260 3081 335 3142 sunt
353 3073 637 3142 invocationibus·
745 3099 746 3102 ¹
883 3052 886 3063 ’

158 3195 192 3280 7)
218 3193 323 3259 Falso
346 3192 587 3260 Bartbelemius
607 3192 638 3255 in
663 3191 847 3256 Anachars.
873 3188 948 3256 ltin.
972 3189 1016 3256 T·
1041 3187 1098 3258 vl.

31 3356 36 3368 ·
77 3337 105 3402 p.
125 3305 176 3382 53.
198 3313 365 3401 interpret.
388 3331 519 3378 vernae.
545 3310 760 3396 Hegemonem
789 3307 821 3372 in
843 3308 1024 3372 dramatum
1049 3285 1100 3370 sa'-

78 3431 250 3512 tyricorum
272 3428 495 3516 scriptionibus
519 3427 641 3512 retabi,
671 3449 767 3514 quem
786 3423 943 3491 comicum
969 3431 1100 3511 poetam

40 3603 44 3608 .
79 3548 178 3614 inisse
198 3556 312 3634 aperte
333 3547 481 3614 declarat
501 3549 577 3634 cpit.
597 3534 718 3612 Athen.
739 3541 764 3607 I.
784 3566 817 3630 p.
837 3543 867 3606 5.
891 3543 932 3610 B.
959 3540 1101 3623 Ἡγήμων

81 3665 98 3729 ὁ
119 3663 230 3748 Θάσιος
254 3666 271 3729 ὁ
292 3663 460 3746 ἐπικληθεὶς
481 3666 582 3744 Φακῆ,
613 3661 647 3725 ὃν
672 3668 708 3753 τῇ
730 3661 841 3742 ἀρχαίᾳ
864 3657 1005 3742 κωμῳδίᾳ
1027 3655 1100 3736 τινὲς

80 3781 270 3849 ἐντάττουσιν.
290 3785 346 3852 cfr.
369 3781 448 3850 XV.
471 3804 501 3867 p.
524 3777 596 3846 698.
619 3779 657 3845 Ο.
677 3779 749 3842 699.
773 3778 814 3841 Α.

158 3905 194 3986 8)
229 3903 431 3970 Persuasum
464 3897 540 3966 mihi
573 3904 637 3981 est,
671 3896 903 3982 granrmaticos
941 3896 1100 3962 interdum
1156 3965 1164 3982 .

82 4017 181 4087 madia
209 4020 380 4088 comoedia
406 4019 529 4086 omissa
556 4012 735 4102 (Schiegel.
766 4011 912 4082 Vorlcsr.
942 4007 1026 4080 iiber
1050 4014 1116 4096 dr.
1222 4089 1226 4095 ,
1258 4068 1288 4087 ..
