2734 4554
1024 313 1093 384 111

151 497 265 587 Atque
292 497 537 586 fulanamaino
564 497 713 586 opinione
744 497 813 573 iste
840 499 965 584 nititur,
1001 501 1096 588 qudi

7 637 9 639 ·
52 639 132 705 quo
168 625 316 706 tempore
339 611 457 684 ‘drama
486 617 663 699 satyricum
689 611 852 702 inventam
877 617 931 700 rit,
967 625 1036 684 aut.
1053 637 1098 712 aa
1218 661 1224 672 s

53 734 201 822 speeies
226 735 354 822 quidem
374 735 566 820 tragoediae
586 735 778 818 eonstiterit,
805 735 911 800 ontio
937 736 991 822 qui
1010 737 1099 803 inve-⁸

54 853 166 936 norit,
192 859 285 920 totus
299 851 405 920 ¹inerit
426 852 459 918 in
481 852 637 938 mametis
662 873 749 919 novo
779 873 912 938 genera
950 836 1012 920 De
1026 851 1098 942 ‘quo

7 981 17 995 ‘
57 979 98 1036 et
125 993 231 1058 supra
249 971 446 1043 senmntiain
464 968 603 1036 diximus
625 977 660 1036 et
679 991 744 1036 uno
764 993 850 1039 nuno
867 971 967 1040 verto
987 984 1098 1039 moue-

54 1111 156 1172 muS,
182 1111 279 1175 quum
297 1111 356 1174 per
378 1094 480 1155 tatum
497 1086 644 1154 florentis
664 1089 857 1174 tragoediae
876 1097 1005 1178 temper
1026 1094 1097 1158 dna-
1203 1109 1206 1120 ’

60 1228 123 1272 ma
145 1206 323 1288 satyricum
344 1209 511 1292 proprium
531 1204 636 1272 fuisse
654 1205 821 1274 videamus
840 1215 1011 1296 poetarum
1031 1217 1098 1276 trs.

62 1325 230 1409 gieornm,
259 1324 329 1392 veti
356 1323 550 1390 simillimam
578 1343 654 1390 esse
678 1323 835 1410 originem
860 1325 957 1393 etiam
986 1327 1100 1394 deberi·

64 1441 201 1527 tragion
224 1449 335 1528 poete,
355 1461 420 1508 non
440 1439 681 1534 αὐτοσχεδιαστῇ,
709 1443 826 1531 quippe
847 1443 986 1508 omnium
1007 1444 1096 1510 testi·

64 1560 182 1626 monia
202 1559 235 1624 iu
257 1581 298 1626 ea
320 1549 534 1645 consentiant,
555 1580 599 1624 ex
617 1557 736 1624 fabulis
757 1560 903 1646 tregias,
927 1581 1097 1648 quaequae

67 1675 170 1744 fuerit
190 1697 299 1744 earum
322 1676 448 1748 indoles
470 1683 566 1764 atque
588 1677 802 1763 praestantis,
822 1677 1004 1763 protentum
1019 1701 1098 1746 esse
1144 1669 1151 1682 ’

67 1777 390 1879 dramasutyrionm,
413 1795 476 1862 vid.
489 1793 603 1862 Herm.
625 1795 667 1859 ad
685 1795 822 1862 aristot.
847 1795 891 1862 A.
914 1796 953 1862 P.
974 1819 1011 1884 p.
1023 1799 1094 1864 109.

69 1914 140 1982 init.
227 1935 230 1940 ·

131 2010 236 2098 ‘Jam
255 2030 437 2098 fabularum
460 2033 532 2114 ejus
553 2037 587 2096 et
607 2029 805 2116 tragioarum
828 2037 861 2096 et
881 2032 1096 2114 satyrioarum

70 2171 114 2216 ne
142 2150 254 2218 titulus
281 2148 410 2236 quidem
431 2155 590 2233 superest,
613 2154 743 2234 praeter
771 2138 856 2234 quod
884 2153 976 2236 apud.
996 2151 1098 2218 Athe-

72 2289 192 2332 naeum
212 2266 276 2335 lx.
295 2289 330 2354 p.
350 2265 424 2331 392.
447 2264 489 2328 F.
518 2267 675 2348 Πρατίνας
700 2263 731 2328 ἓν
750 2267 913 2346 Δυμαίναις
933 2266 1099 2350 ἢΚαρυά.

72 2409 133 2450 τισι
151 2384 311 2484 excitatur
327 2383 377 2448 his
399 2381 535 2448 additis:
552 2377 713 2461 ἁδύφωνον
730 2381 812 2456 ἰδίως
830 2381 916 2446 καλεῖ
933 2383 987 2448 τόν
1008 2385 1098 2472 ipre.

74 2505 124 2582 γά,
144 2495 219 2583 πλὴν
238 2503 265 2564 ei
281 2498 322 2584 μὴ
342 2523 375 2565 τι
391 2499 477 2584 παρὰ
498 2507 562 2574 τοῖς
583 2483 738 2574 mianton
759 2498 779 2579 ἤ
798 2508 862 2574 τοῖς
877 2499 1009 2566 Adsum
1032 2502 1104 2584 φωὲ

74 2621 196 2700 mma,
216 2617 257 2692 ὥς
276 2617 327 2682 soi
347 2617 379 2683 oi
392 2615 538 2716 pequam,
563 2637 660 2704 quum
686 2617 815 2704 quidem
839 2617 984 2709 fabulam
1010 2627 1097 2704 saty-

76 2740 176 2805 rieem
197 2735 333 2822 agnovit
347 2727 496 2802 Mueller.
518 2734 540 2802 l.
563 2756 592 2802 o.
615 2754 647 2822 p.
668 2735 740 2802 379.
773 2757 847 2802 ann.
870 2737 904 2802 2.
932 2737 993 2824 etr.
1015 2737 1098 2806 1³10.

77 2854 162 2942 legg.
183 2877 214 2944 p.
237 2855 309 2920 427.
335 2861 369 2920 et
388 2853 505 2938 Pinag.
533 2854 574 2918 de
593 2855 693 2920 duam.
717 2853 788 2920 Sat.
813 2855 893 2941 orig.
917 2867 950 2942 p.
972 2855 1025 2919 26.
1053 2855 1100 2922 ni·-

79 2974 122 3038 hil
140 2951 231 3068 veriti
252 2969 424 3046 Welelreri
445 2969 653 3053 notationem,
671 2991 783 3038 omnes
804 2971 964 3056 ejusmodi
982 2971 1097 3064 titulos
1226 2959 1229 2966 ¹

57 3098 64 3106 “
81 3112 141 3156 sue
152 3074 266 3176 sponte
278 3111 447 3158 removere
468 3087 648 3172 argumenti
666 3087 799 3170 satyriei
819 3089 1012 3176 opinionem,
1035 3091 1094 3160 etr.
1137 3143 1139 3150 ,

82 3196 218 3285 llleiuek.
242 3206 347 3293 Euph.
376 3225 407 3292 p.
430 3205 483 3270 94.
526 3203 627 3272 Patet
649 3205 745 3300 amul
774 3228 817 3272 ex
837 3207 1002 3274 Athenaei
1027 3231 1098 3277 ver.
1131 3250 1133 3262 ·
1225 3253 1227 3255 -

76 3319 142 3410 lis,
172 3325 256 3391 hune
275 3331 406 3410 poetam
435 3328 493 3388 aut
514 3321 670 3388 Phliasiis
693 3322 778 3388 hano
804 3324 977 3412 scripsisse
1006 3325 1098 3392 febu-

21 3417 26 3424 ⁸
84 3443 156 3527 lam,
182 3451 218 3508 ut
234 3463 345 3508 seeum
367 3441 482 3508 statuit
501 3439 651 3508 Mueller.
672 3447 730 3506 aut
751 3445 839 3529 quod
863 3443 957 3509 nobis
977 3444 1096 3532 planet,

86 3561 180 3646 nrnlta
202 3559 299 3624 etiam
324 3557 507 3640 retinuisse,
535 3579 618 3646 quae
637 3559 840 3646 peregrinum
861 3561 1226 3676 commoerents

87 3697 223 3762 quaeque
242 3675 348 3762 magis
369 3677 550 3744 arriderent
569 3676 788 3764 popularibus,
818 3686 859 3744 ut.
869 3677 985 3764 ipsum,
1012 3681 1097 3766 quad

87 3792 223 3880 elegerat
248 3801 485 3879 argumentum,
516 3793 545 3860 si
573 3793 701 3882 quidem
732 3794 813 3861 satis
841 3785 1007 3884 probabile
1035 3803 1097 3880 est,

88 3919 149 3976 tum
169 3910 321 3997 temperis
344 3898 560 3977 Athenienses
588 3934 694 4000 neque
718 3913 890 4000 peregrina
918 3935 980 3980 nee
1005 3937 1096 4000 pere-

86 4026 186 4114 grinos
212 4033 318 4114 tauto,
348 4034 470 4116 quante
497 4031 680 4116 posteriore
701 4037 847 4118 tempore
872 4032 1098 4104 animadverti·
1165 4114 1168 4120 ἱ

1165 3733 1169 3776 Ι
1253 3723 1257 3733 r
