2762 4552
266 282 318 362 32

267 469 384 568 pliicaa
403 481 473 555 aive
494 459 531 550 ut
550 483 677 572 planius
696 468 821 568 dicam*
836 484 911 570 quid
931 485 1082 570 naham,
1102 483 1299 551 samrdotes

267 593 460 686 Delphicas,
487 621 621 690 quarum
640 623 683 668 ax
703 609 865 672 conventu
880 606 951 688 jam
969 623 1068 670 unum
1087 601 1301 689 alloquuntur

264 719 413 802 proxime
441 724 590 790 stantem.
636 718 704 787 Sed
731 741 828 808 quum
863 720 910 786 ita
945 719 997 788 via
1028 719 1298 814 interrogationis

265 853 330 898 non
355 834 463 922 posita
490 835 535 904 sit
559 837 593 904 in
620 835 886 932 rte-pronomine,
914 839 973 904 aed
995 835 1106 926 potius
1131 836 1163 904 in
1183 835 1297 904 verbis

265 948 519 1038 ὑποκεκρυμμένος
529 955 614 1040 μένει,
628 976 671 1024 ex
687 975 810 1025 cenom
821 953 1063 1026 Hermanniano
1084 953 1295 1042 (deEmend.
1358 1043 1359 1054 ρ

264 1066 341 1136 Rat.
367 1069 426 1140 Gr.
450 1071 509 1140 Gr.
531 1095 564 1162 p.
582 1073 634 1138 95.
655 1070 821 1160 adVigari
839 1072 956 1163 librum
974 1095 1006 1160 p.
1022 1072 1111 1159 73⁰.)
1131 1071 1183 1139 cui
1204 1093 1296 1138 com-
1358 1059 1359 1066 ἵ

261 1185 463 1277 probationis
501 1189 660 1258 calculum
696 1191 817 1276 adjecit
844 1188 1049 1257 Fritaschina
1077 1192 1113 1258 in
1139 1189 1295 1266 Quaestt.

261 1303 402 1374 Lucian.
416 1331 451 1396 p.
475 1309 529 1394 28,
554 1310 664 1398 potius
686 1308 889 1376 scribendum
913 1309 1041 1376 videtur
1062 1307 1214 1380 inclinato
1237 1329 1293 1375 ac-
1344 1381 1350 1394 ,

263 1430 377 1514 centu:
407 1427 454 1502 τὶς
476 1427 560 1512 μένει.
598 1427 657 1494 Sin
684 1448 764 1494 vero
793 1425 978 1497 Oesaubani
1004 1433 1038 1494 et
1060 1423 1181 1515 Toupii
1209 1425 1291 1492 acri·

261 1541 358 1609 bandi
387 1545 543 1614 rationem
567 1544 781 1612 adsciscimus
806 1544 928 1610 olorum
953 1552 1016 1630 est,
1042 1545 1093 1612 his
1120 1567 1218 1623 unum
1246 1566 1289 1612 ex

260 1657 334 1725 istis
364 1661 547 1730 hominibus
575 1661 744 1750 helphieis
770 1661 969 1747 comps-llari,
999 1663 1045 1730 ita
1065 1669 1104 1730 ut
1126 1663 1170 1748 id,
1200 1664 1287 1750 quod
1361 1679 1362 1718 l

258 1778 433 1865 profertur,
455 1781 555 1848 totius
573 1780 704 1868 generis
722 1779 904 1860 irrisionem
923 1781 1089 1850 continere
1108 1782 1286 1868 putandum

259 1893 313 1960 sit.
356 1896 489 1965 lamiam
509 1899 587 1988 quid
605 1898 763 1966 faciamus
782 1898 852 1966 laisa
870 1896 1055 1984 σαραβάκων
1075 1898 1210 1964 κοπίδων
1231 1922 1285 1962 σο-

258 2007 417 2097 νομαῖνυμε.
453 2015 548 2084 Haec
568 2024 676 2106 certer
696 2013 829 2080 κοπίδων
849 2010 1046 2102 συνομώνυμε,
1068 2020 1173 2086 audeo
1203 2015 1283 2082 setis
1363 2030 1364 2108 l

200 2182 209 2224 Ι,
257 2139 330 2199 aa
353 2132 539 2222 explanare.
564 2133 617 2219 Η)
659 2132 747 2199 uina
772 2133 861 2202 anua
886 2133 1013 2200 omnino
1034 2135 1087 2224 ns
1109 2134 1282 2216 eneam,
1363 2115 1364 2130 ³

241 2271 369 2340 ‚quante
391 2257 427 2318 tu
446 2250 501 2340 qni
520 2271 638 2320 nomen
654 2251 804 2320 invenisti
817 2259 843 2317 'a
864 2252 973 2321 cultris
994 2251 1199 2340 coquinariis,
1219 2251 1283 2330 hoc
1364 2266 1365 2306 ἒ

255 2376 320 2453 ast,
340 2377 378 2436 tu
398 2369 442 2436 mi
459 2369 582 2454 pdtstpe
609 2369 656 2438 Et
675 2371 739 2438 hoc
758 2369 886 2458 quidem
905 2371 952 2436 ita
972 2377 1193 2458 comparatum
1213 2376 1277 2454 est,

254 2495 294 2554 ut
313 2487 397 2570 haec
422 2487 533 2576 lepida
552 2487 725 2581 appellatio
747 2489 780 2556 in
799 2494 903 2559 totum
919 2487 1152 2576 Delphicorum
1175 2507 1279 2574 genus

255 2608 360 2674 cadet.
389 2605 540 2694 Denique
561 2603 743 2692 σαραβάκων
764 2607 840 2696 quid
861 2605 923 2672 sibi
943 2604 1035 2690 velit,
1057 2605 1090 2674 id
1112 2627 1191 2672 sane
1205 2624 1280 2670 con·

251 2724 406 2794 fitendum
429 2730 481 2790 cst
503 2745 565 2790 nos
591 2724 729 2794 nescire.
769 2723 857 2790 lllud
884 2730 992 2790 autem
1019 2726 1105 2810 quod
1127 2721 1277 2810 Toupius

251 2841 360 2910 intulit
383 2840 588 2928 Σαραμβικῶν
610 2839 663 2923 ³⁰)
691 2841 779 2910 elicit
811 2835 941 2928 quide'm
973 2840 1181 2926 sententiam,
1219 2841 1279 2906 scd

251 2981 335 3044 eam,
357 2960 387 3027 si
405 2968 498 3027 recte
516 2959 634 3046 iudico,
666 2959 761 3026 nimis
781 2957 969 3050 quaesitam.
1005 2959 1165 3046 Equidem
1186 2965 1278 3044 puta·

250 3079 363 3164 verim,
399 3080 508 3168 potius
538 3077 580 3146 ab
607 3077 741 3144 Achaeo
767 3077 834 3146 tale
863 3076 1058 3162 adjectivum
1083 3097 1275 3163 expressum

322 3273 372 3342 ²⁹)
395 3272 495 3344 Aptans
520 3270 556 3324 ad
580 3270 788 3340 comparandam
812 3287 875 3324 aeae
895 3269 978 3324 offert
995 3267 1139 3322 Philoxeni
1155 3267 1274 3321 lurconis

250 3381 401 3439 cognomen
419 3367 434 3432 ἦ
449 3365 636 3438 Πτερνοκοπίς,
654 3368 726 3416 teste
742 3362 885 3416 Athenaeo
899 3361 948 3427 Vl,
966 3377 991 3431 p.
1008 3359 1068 3415 att.
1085 3358 1118 3414 E.

321 3484 372 3552 ³⁰)
394 3483 432 3538 ef.
448 3481 527 3535 Plato
544 3479 628 3551 Gorg.
646 3496 673 3549 p.
692 3477 752 3532 lid.
770 3461 869 3532 Heind.
887 3476 1050 3530 Dicaearch.
1067 3483 1100 3528 Β.
1118 3474 1182 3530 Eli.
1201 3475 1273 3529 Gaii.

249 3575 285 3642 ΙΙ,
300 3593 327 3646 p.
345 3576 403 3630 125.
424 3581 453 3627 et
469 3579 579 3644 praeter
595 3571 684 3640 Toup.
703 3568 789 3622 Emm.
805 3567 837 3622 P.
856 3568 904 3622 111.
923 3585 940 3638 p
961 3568 1020 3621 409.
1037 3564 1105 3636 Lpa.
1121 3565 1219 3620 Daris.
1238 3565 1273 3619 ad

248 3667 317 3739 Tyr.
334 3666 409 3721 Max.
428 3665 477 3720 lv.
497 3680 520 3718 c.
538 3665 563 3718 5.
585 3663 681 3717 lleiak.
701 3668 732 3714 ut
749 3660 875 3730 princeps
897 3674 1044 3731 coquorum⁸
1067 3657 1206 3710 colebatur
1230 3656 1270 3710 Si-

246 3773 308 3826 ccn‚
328 3759 399 3812 unda
418 3755 611 3827 Aristophanis
628 3752 769 3808 comoedia
787 3751 947 3804 Aiolosicen
966 3749 1083 3803 nominis
1103 3755 1207 3819 partem
1226 3747 1270 3801 du·
1315 3805 1321 3822 .

245 3853 296 3907 xit.
331 3851 463 3905 Similiter
479 3849 596 3920 Ulysses
613 3843 684 3917 apnd
703 3843 769 3898 Eur.
785 3841 863 3916 (lycl.
881 3843 947 3896 tou:
965 3841 1011 3895 uoci
1031 3845 1211 3914 καθάρπασας
1225 3845 1270 3896 λά-

242 3953 300 4019 βρῳ
317 3948 439 4019 μαχαέρρ
456 3942 556 4014 σάρκας
573 3943 676 4004 &leima
696 3937 760 4007 πορὶ
777 3934 847 4006 quod
866 3933 970 3988 nonde
988 3931 1171 4014 magnitudine
1191 3932 1268 3986 cultri

242 4037 292 4092 aad
311 4037 402 4108 potina
421 4035 573 4090 samareae
591 4030 690 4088 dictam
710 4044 773 4082 ease
788 4027 904 4080 sadatur.
