2734 4554
1030 299 1098 372 τοι
1207 283 1210 304 ’

62 497 164 554 σθαι.
202 489 308 571 Etym.
331 489 379 558 M.
406 513 437 558 v.
458 489 626 575 Σοπέρδης.
667 489 799 572 Surdas,
824 489 916 576 (item
936 489 1099 578 Henyeh.)

63 615 107 673 et
131 608 232 676 unet.
255 607 277 674 i.
298 629 330 676 v.
353 605 515 686 Τευτάζειν,
544 611 600 692 (ex
623 607 740 674 Photio
767 595 983 692 eurrigendus‘
998 609 1097 674 Mielr.

64 724 198 810 Apust.
219 723 362 809 xvl113
383 727 434 793 40.
462 748 521 812 pro
543 724 765 810 στρατεύεσθαι,
784 723 986 790 seribendunr
1006 750 1099 809 στρο-

63 837 226 928 γεῦεοθαρ.
262 839 403 907 Frustra
421 841 581 908 Pantinus
606 848 769 928 provocat
790 849 978 928 corruptam,
995 843 1100 926 Hesy-
1122 904 1126 922 .

66 959 141 1023 chii
157 957 305 1044 glossam
330 954 518 1039 Τευτοομὸν·
538 963 727 1045 στρατηγίαν,
745 960 800 1024 ubi
819 959 1006 1026 necessario
1026 983 1098 1028 eum
1212 1045 1217 1052 ¹

66 1073 233 1160 Sopingiu
262 1076 494 1140 emendandum
523 1084 590 1142 est:
619 1077 806 1161 urpuyytev.)
831 1077 916 1142 unde
947 1079 1099 1146 adverse·

68 1191 133 1258 riis
155 1195 230 1274 ejus
251 1191 397 1275 Diodoro
424 1193 649 1278 grammatino,
678 1197 772 1278 eujus
798 1193 881 1271 liber
902 1193 978 1274 πρὸς
996 1195 1098 1258 Avul-

69 1331 179 1394 φρονα
210 1309 347 1376 affertur
375 1309 417 1376 ab
444 1309 614 1377 Athenaeo
637 1309 701 1376 Xl.
731 1333 762 1396 p.
788 1311 859 1376 478.
878 1309 933 1392 Β.,
963 1320 995 1376 et
1017 1312 1117 1378 Eru-¹

71 1427 234 1510 testheni‚
253 1425 507 1522 prudentissipuo
529 1427 610 1510 viro,
631 1431 727 1512 eujus
745 1426 999 1512 vituperationes
1019 1429 1098 1494 indi·

73 1543 168 1611 envit
194 1543 377 1610 Meinekiue
399 1543 422 1607 l.
445 1565 489 1626 e,
516 1546 645 1611 tertium
667 1549 738 1628 jam
765 1543 953 1628 intelligitur
983 1566 1098 1611 uenen-

73 1639 214 1728 nentlum
235 1683 311 1727 esse
331 1660 583 1746 ΗοταοΙοοαοια,
615 1663 643 1727 si
664 1663 791 1749 quidem
812 1669 883 1726 erut
903 1656 1098 1744 κοταμεμῳά-
1198 1658 1200 1661 ”

73 1801 163 1861 μενος
180 1775 379 1861 Λυκόφρονα,
408 1781 557 1864 undeque
584 1779 680 1846 einrnl
706 1801 747 1846 ex
770 1778 893 1846 verbis:
923 1777 1098 1874 Λυκόφρων

74 1891 178 1968 οὕτως
198 1895 250 1957 καὶ
273 1893 404 1977 Δίδυμος
424 1897 570 1979 προσθεὶς
585 1894 636 1959 ὅτι
661 1921 692 1962 κ.
715 1921 743 1960 τ.
763 1893 801 1975 l„
829 1896 1017 1982 quibuscum
1034 1896 1098 1962 eul-

74 2013 181 2080 loenri
201 2012 330 2095 debent,
358 2034 442 2104 qnae
471 2013 568 2080 hebet
596 2013 713 2083 Athen.
737 2012 803 2080 XI.
824 2037 856 2100 p.
881 2015 953 2078 501.
977 2013 1019 2076 Ε.
1046 2013 1099 2078 καὶ

76 2130 213 2212 Δίδυμος
239 2125 281 2192 τὰ
313 2127 394 2196 αὐτὰ
426 2127 516 2194 εἰπών
545 2135 749 2212 παρατίθεται
773 2125 977 2214 Λυκόφρονος
1001 2129 1098 2208 οὕτως

76 2253 185 2334 ἔχοντα
206 2255 341 2334 apparet
364 2246 549 2330 Didymum,
576 2270 618 2323 ex
640 2271 702 2335 quo
723 2256 792 2315 turn
813 2247 916 2314 multe
939 2247 1099 2316 fluxerunt

78 2370 112 2434 in
134 2365 348 2449 Hesyelrium,
375 2364 601 2451 Lyeuphronir
627 2366 814 2432 notationes
843 2364 1005 2450 pleniores
1026 2368 1099 2431 red·
1229 2395 1234 2400 ·

81 2485 205 2552 didisse
226 2484 284 2565 ite,
312 2489 348 2548 nt
370 2481 438 2548 suis
459 2483 615 2569 appositis
636 2489 694 2550 ent
711 2485 858 2568 integrus
879 2480 953 2548 illes
973 2473 1100 2570 repete·

80 2610 143 2686 ret,
171 2609 227 2668 eut
253 2606 344 2666 eerte
368 2599 562 2686 gravissime
586 2623 732 2688 quaeque
759 2605 959 2686 exeerperet.
999 2600 1128 2667 Prae-³
1196 2637 1199 2642 =

83 2729 174 2788 terea
202 2718 390 2784 conferatur
409 2715 554 2799 Hesyeh.
585 2719 607 2784 i.
637 2741 669 2786 v.
698 2717 846 2794 Πύαταξ.
874 2717 985 2784 Sobel.
1010 2717 1097 2788 Plat.

84 2861 116 2924 p.
138 2837 212 2900 369.
233 2832 340 2899 Bekk.
364 2834 481 2899 Athen.
503 2832 566 2903 lv.
589 2859 622 2922 p.
637 2838 709 2900 140.
728 2836 772 2901 Α.
794 2873 835 2886 -
854 2834 944 2900 Satis
965 2836 1100 2902 honore·

84 2964 148 3020 turn
168 2951 272 3016 fuisse
293 2951 378 3018 hune
399 2947 651 3038 Lycophroneru
674 2975 715 3019 ex
737 2975 776 3018 eo
797 2951 994 3036 intelligitur,
1014 2957 1112 3039 quod'
1159 2969 1161 2975 '

83 3071 208 3138 Pleiedi
238 3077 467 3136 annumeratus
493 3077 558 3152 est,
586 3090 670 3155 quae
688 3068 753 3138 vll
780 3068 979 3136 diversorum
1005 3092 1101 3155 gene·

86 3211 154 3254 rum
183 3184 255 3254 llll
283 3185 479 3260 excellentes
508 3193 623 3271 poetes
650 3187 944 3272 complectebatur3
977 3189 1102 3254 sedne

85 3305 232 3391 trngieae
251 3292 445 3370 annnineres
474 3303 581 3386 sinrnl,
608 3305 697 3371 eavit
715 3283 810 3370 Nielr.
838 3305 881 3368 in·
893 3303 1010 3369 Museo
1036 3304 1100 3374 Ru.

8 3413 10 3420 .
89 3423 114 3491 l.
135 3448 166 3510 p.
189 3424 258 3488 108.
278 3461 318 3471 -
345 3421 464 3487 Plures
493 3420 725 3508 Lyeophruues
752 3422 950 3508 cognovisse
977 3420 1104 3488 videtur

89 3540 291 3606 Aristoteles.
334 3539 513 3605 Rhetorenr
532 3542 691 3624 quendem
711 3539 764 3607 vel
784 3538 964 3624 sophistam
985 3537 1105 3623 signill-

90 3680 162 3725 eere
181 3655 309 3724 videtur
331 3659 373 3722 de
392 3655 535 3742 Sophist.
559 3655 694 3724 Eleneh.
721 3678 749 3740 e.
773 3654 900 3722 xv.1.
922 3677 954 3740 p.
977 3656 1051 3720 239.
1075 3679 1102 3724 s.

93 3759 1187 3859 immmufflwmmwu

91 3895 149 3961 hoe
167 3892 271 3959 fuisse
292 3892 416 3979 opinor,
439 3913 532 3983 quern
558 3891 643 3958 inem
664 3891 777 3954 laudat
797 3889 898 3972 Phys.
917 3889 943 3959 l.
971 3915 1001 3958 ο.
1023 3891 1053 3954 2.
1075 3889 1103 3959 l.

92 4033 121 4098 p.
140 4011 201 4074 254
223 4018 306 4078 extr.
328 4011 392 4074 255
416 4006 495 4074 Ues.
542 4008 595 4074 De
617 4009 732 4076 eudem
752 4008 822 4076 sine
847 4008 945 4075 dubio
968 4007 1107 4096 phileso-
