2734 4554
759 357 773 396 s

1031 243 1102 360 ιιι

66 482 299 564 spectatores,
334 477 432 563 buius
463 466 628 563 opiparam
660 483 851 566 apparatam
875 473 924 543 ita
943 443 1104 542 ‘hortibus

72 594 221 682 efferre,
242 594 370 681 utipsa
389 595 610 681 appositarum
631 593 829 679 singularum
850 615 962 660 rerrrm
978 615 1105 660 enume-

72 711 169 778 ratio
189 712 275 778 baud
294 711 422 800 oblique
440 719 555 798 tangat
574 732 697 778 eoenae
717 709 938 776 miserrimam.
949 712 1105 813 conditio-

72 851 169 911 nem,
194 829 247 896 eui
266 831 419 896 miramur
437 828 510 896 fere
530 829 584 896 vel
605 828 767 941 minimum
784 829 942 915 temporis
965 852 1105 896 momen-
1215 871 1216 874 =
1256 893 1258 902 ,

73 953 153 1012 tum
178 945 335 1032 Silenum,
363 947 557 1016 vinolentum
586 946 712 1012 Buoobi
743 947 906 1030 comitem,
933 947 1105 1016 obnoxium

75 1085 161 1130 esse
177 1063 333 1152 poluisse.
950 1073 954 1080 '

167 1213 264 1282 Nune
286 1217 327 1282 de
347 1174 482 1302 singulis
505 1175 683 1282 videamus.
832 1302 842 1310 ⁸

78 1354 115 1398 v.
142 1333 171 1397 l.
196 1353 310 1400 omnes
330 1333 404 1401 libri
424 1334 535 1420 scripti
556 1335 603 1398 ita
623 1333 792 1403 exhibent.

286 1473 390 1550 παῖδες
410 1477 572 1559 κρατίστου
589 1474 728 1548 παιδὸς
748 1471 945 1588 ἐξωλέστατοι

80 1607 172 1704 quod
197 1625 232 1684 et
242 1617 363 1706 editos
389 1639 501 1683 omnes
508 1639 629 1714 usquo
656 1618 698 1682 ad
719 1583 947 1684 Gesauboniim
970 1591 1109 1708 oocupa-

81 1737 148 1820 vit,
176 1737 232 1824 qui
260 1734 435 1805 canteri
425 1757 458 1802 ιο
483 1727 567 1803 Νοι.
594 1735 704 1806 Leott.
730 1733 796 1819 vl,
828 1735 876 1798 17.
907 1737 1107 1822 propositam
1237 1764 1245 1777 ³

81 1853 320 1952 eorruotionem
338 1853 463 1940 recepit
481 1850 605 1938 πατρός.
642 1855 754 1940 Atque
773 1853 871 1918 nimia
890 1853 1037 1940 protento
1052 1878 1108 1948 ¹os·

84 1981 139 2038 set
161 1979 218 2048 aut
240 1969 341 2036 Sileni
365 1971 541 2053 festivitas,
568 1970 597 2036 si
620 1971 848 2057 semetipsum
871 1979 1004 2058 propter
1028 1971 1108 2040 lodi-

84 2089 258 2158 bandum
248 2089 410 2178 mgenium
430 2095 565 2156 voearet
585 2110 732 2174 puerum,
762 2096 820 2154 aut
839 2095 958 2174 poetae
980 2089 1109 2156 insulsi·

83 2216 152 2292 tas,
181 2208 211 2272 si
232 2205 391 2273 voluisset
415 2205 634 2272 obscuriorem
659 2208 820 2292 quandam
848 2207 1027 2272 doctrinam
1054 2230 1109 2274 eu·

85 2323 243 2390 ditoribns
273 2309 458 2406 obtrudere,
486 2321 566 2387 illud
593 2323 744 2390 videlieet
769 2321 992 2408 significando,
1024 2310 1125 2411 quodX

83 2442 240 2509 Memnon
259 2439 399 2528 prodidit
421 2443 505 2526 apud
527 2439 658 2508 Phot'
649 2463 681 2507 ιιι
701 2439 786 2505 Bibl.
819 2447 853 2504 et
874 2439 1008 2538 Nonnus
1031 2440 1110 2506 Dio·
1137 2519 1139 2528 Ι

84 2582 161 2642 nys.
183 2557 275 2627 XVI.
299 2565 383 2626 extr.
376 2605 398 2644 .,
427 2559 571 2642 Satyros
589 2557 715 2623 Baoobi
735 2555 820 2622 lilios
843 2577 929 2640 esso,
959 2577 1053 2643 quem
1075 2567 1110 2626 et

80 2679 238 2764 juvenem
261 2699 389 2766 semper
410 2685 446 2746 et
464 2698 485 2742 a
505 2698 542 2742 se
560 2677 743 2743 nutritum'
728 2697 804 2759 Jnre
826 2697 885 2740 suo
907 2674 1037 2742 Silenus
1059 2699 1111 2744 se

85 2817 154 2874 nur
173 2793 269 2858 παῖδα
287 2788 410 2901 nouare
427 2803 566 2882 poterat.
599 2793 704 2860 Immo
724 2793 862 2860 semet
850 2793 958 2888 ipsum
979 2793 1110 2860 Silenus

87 2920 187 2980 vooat
204 2893 334 2999 patrem
353 2912 518 3006 optimum,
545 2911 683 3002 Satyros
704 2909 796 3014 filios
811 2909 1048 2995 spurcissimos.
1073 2905 1110 3004 ld

74 3015 177 3118 'quod
197 3030 496 3118 Schweighaeuseri
515 3031 623 3116 gratie
644 3000 774 3126 moneo,
791 3049 895 3122 qoem
902 3027 1012 3094 mirari
1032 2999 1112 3098 linet

91 3146 315 3220 annotantem.
336 3147 574 3232 „fortissimum
595 3153 778 3228 satyrorum
796 3151 922 3232 petrem
942 3147 1110 3214 Baoobum

90 3265 213 3330 dixisse
228 3264 374 3332 videtud’
394 3285 490 3351 quum
506 3264 635 3330 Silenus
650 3260 785 3342 πάππος,
804 3263 1055 3346 παπποσιίληνος,
1065 3270 1112 3336 ut

92 3380 279 3466 intelligitur
297 3381 423 3468 quidem
441 3402 482 3448 ex
501 3381 591 3448 mult
568 3389 612 3448 trs
626 3379 741 3466 Eurip.
765 3380 857 3462 Gyol.
877 3381 960 3446 loeis
983 3371 1055 3468 (eir.
1079 3406 1111 3450 v

91 3500 141 3566 82.
166 3499 217 3568 84.
240 3499 312 3568 268.
335 3499 425 3586 271)
451 3507 539 3566 oerto
552 3506 586 3566 et
599 3497 789 3564 immutabili
804 3500 1112 3586 satyrograpboruur

93 3637 152 3681 usu
186 3623 224 3683 ut
250 3615 442 3730 Satyrorum
474 3625 569 3704 pater
596 3617 628 3682 in
639 3607 783 3682 soonam
805 3616 1008 3686 intruduntur
1036 3641 1112 3686 esse

93 3733 272 3803 videatur..

171 3907 203 3954 v.
226 3884 257 3977 2,
284 3882 411 3967 στρηνιῶ
439 3885 573 3952 verbum
598 3891 652 3950 est
676 3829 804 3966 mediae
826 3885 1015 3961 oomoediae
1041 3907 1134 3976 pro-⁴

95 4001 194 4090 'prium
217 4002 502 4095 tostel'bryniebo
520 4027 551 4092 p.
569 4004 641 4072 381„
663 4004 719 4072 ubi
739 4003 812 4100 vide
824 4002 991 4072 Lobeokii
1009 4025 1115 4072 exum-
