2762 4552
268 323 309 378 iv

367 496 473 590 Quod
496 499 545 574 ad
569 503 701 602 ipsam,
730 503 852 600 prouti
883 502 973 576 mihi
1001 439 1148 601 reliquit
1174 483 1339 582 affinis

268 689 384 758 meus,
419 667 654 766 scriptionem
685 667 828 756 attinet,
854 667 946 740 nihil
976 671 1137 744 sanctius
1167 671 1372 762 habui,

253 855 380 928 ,quam
404 842 447 905 nt
469 831 629 906 eundem
655 831 834 922 ordinem,
862 855 971 930 quem
995 835 1076 934 ipse
1099 834 1294 926 indicarat,

153 1069 156 1079 ,
223 1050 247 1094 .·
266 1001 306 1071 in
319 995 569 1097 disponendis
601 967 753 1094 singulis
781 995 998 1094 fragmentis
1032 1021 1294 1076 conservarem

269 1187 313 1238 ae
338 1163 605 1237 nihilomnino
636 1164 884 1237 immutarem
929 1163 1047 1240 Omisi
1076 1175 1202 1239 autem
1228 1165 1295 1240 Io·
1371 1147 1372 1266 J

265 1329 323 1404 ιιίι
345 1330 553 1426 fragmenta
575 1339 781 1426 propterea,
804 1325 998 1424 quodiam
1019 1329 1066 1404 ab
1087 1332 1294 1456 aliisprae-
1371 1327 1372 1340 ’

267 1506 445 1595 occupata
468 1502 563 1566 suut.
597 1489 769 1567 Ceterum
794 1515 889 1590 quae
912 1491 1128 1580 abjauctore
1151 1497 1190 1571 in
1207 1519 1293 1595 per-

268 1655 489 1755 stringendis
522 1657 680 1730 aliorum
714 1658 905 1732 sententiis
929 1657 1077 1733 liberius
1107 1681 1292 1734 nonnum·
1371 1637 1372 1694 7

267 1847 378 1922 quam
404 1833 441 1894 et
464 1819 640 1894 audacius
664 1818 762 1894 diota
783 1833 881 1914 sunt,
902 1846 947 1895 ea
969 1824 1084 1898 veiim
1102 1846 1210 1924 aequi
1200 1824 1292 1900 ho-

159 2001 168 2048 ι
241 2012 349 2100 ιιιιιι
372 1953 579 2069 studiorum
598 1985 742 2082 judiees
771 1997 809 2060 et
833 1987 992 2082 juvenili
1015 1987 1140 2060 animo
1166 1999 1273 2064 otor

184 2219 187 2230 .
267 2153 349 2228 dori
370 2153 567 2228 veritatem
597 2150 845 2248 consequendi
867 2152 982 2224 nimio
1006 2102 1217 2252 attribuant.
1333 2198 1339 2218 ι

366 2318 562 2448 Reliquum
583 2326 650 2408 est,
672 2327 714 2392 ut
731 2316 895 2412 Augusto
921 2315 1117 2408 Meeisedio,
1141 2339 1289 2392 summo

241 2485 398 2558 'harum
417 2505 542 2556 rerum
566 2482 815 2572 aestumatum,
834 2483 954 2577 justas
976 2481 1188 2580 persolvam
1207 2449 1291 2578 gua
1371 2543 1372 2566 2

214 2658 218 2663 '
256 2636 350 2739 ιιιιι,Ι
386 2648 459 2753 qui,
498 2657 656 2742 quaest
686 2646 927 2738 humanitate,
964 2669 1041 2738 nou
1070 2647 1192 2721 solum
1220 2671 1288 2722 suo
1371 2739 1372 2750 ἶ

79 2833 82 2846 ι
135 2845 142 2854 ·
189 2905 193 2910 ¹
264 2837 327 2906 me
350 2813 501 2887 oonsilio
525 2813 566 2884 in
589 2811 658 2884 hoe
684 2811 861 2912 opusouio
886 2809 1031 2883 edendo
1059 2808 1201 2908 egregie
1222 2812 1288 2886 ad·
1371 2771 1372 2794 ι

91 2975 105 2996 “
205 3080 206 3084 ¹
265 2981 372 3078 juvit,
390 2976 457 3053 sed
477 2963 587 3086 etiam
603 2977 696 3078 illud
707 2958 1002 3074 commendando
1018 2999 1079 3050 me
1093 2977 1163 3052 sibi
1174 2977 1287 3054 valde
1360 3031 1364 3038 .

200 3180 208 3188 ·
266 3144 450 3223 devinxit.
540 3148 571 3237 J
663 3248 666 3256 r

177 3437 189 3448 .
246 3407 247 3410 ,
362 3280 574 3420 scribebam
599 3299 760 3438 Berolini
780 3340 908 3409 mense
932 3336 1024 3438 Aug.
1146 3405 1152 3428 x

427 3512 438 3532 ‘
511 3523 545 3574 a
564 3497 921 3582 MDCCCXXXVII.
